@misc{tancik2020fourierfeaturesletnetworks,
  title         = {Fourier Features Let Networks Learn High Frequency Functions in Low Dimensional Domains},
  author        = {Matthew Tancik and Pratul P. Srinivasan and Ben Mildenhall and Sara Fridovich-Keil and Nithin Raghavan and Utkarsh Singhal and Ravi Ramamoorthi and Jonathan T. Barron and Ren Ng},
  year          = {2020},
  eprint        = {2006.10739},
  archiveprefix = {arXiv},
  primaryclass  = {cs.CV},
  url           = {https://arxiv.org/abs/2006.10739}
}

@misc{gropp2020implicitgeometricregularizationlearning,
  title         = {Implicit Geometric Regularization for Learning Shapes},
  author        = {Amos Gropp and Lior Yariv and Niv Haim and Matan Atzmon and Yaron Lipman},
  year          = {2020},
  eprint        = {2002.10099},
  archiveprefix = {arXiv},
  primaryclass  = {cs.LG},
  url           = {https://arxiv.org/abs/2002.10099}
}