@article{qi2017pointnetplusplus,
  title   = {PointNet++: Deep Hierarchical Feature Learning on Point Sets in a Metric Space},
  author  = {Qi, Charles R and Yi, Li and Su, Hao and Guibas, Leonidas J},
  journal = {arXiv preprint arXiv:1706.02413},
  year    = {2017}
}

@article{qi2016pointnet,
  title   = {PointNet: Deep Learning on Point Sets for 3D Classification and Segmentation},
  author  = {Qi, Charles R and Su, Hao and Mo, Kaichun and Guibas, Leonidas J},
  journal = {arXiv preprint arXiv:1612.00593},
  year    = {2016}
}

@article{Wang-2017-ocnn,
  title   = {{O-CNN}: Octree-based Convolutional Neural Networksfor {3D} Shape Analysis},
  author  = {Wang, Peng-Shuai and Liu, Yang and Guo, Yu-Xiao and Sun, Chun-Yu and Tong, Xin},
  journal = {ACM Transactions on Graphics (SIGGRAPH)},
  year    = {2017}
}