@inproceedings{QEM,
  author    = {Garland, Michael and Heckbert, Paul S.},
  title     = {Surface simplification using quadric error metrics},
  year      = {1997},
  url       = {https://doi.org/10.1145/258734.258849},
  doi       = {10.1145/258734.258849},
  booktitle = {Proceedings of the 24th Annual Conference on Computer Graphics and Interactive Techniques}
}

