@inproceedings{cheng2023sdfusion,
  author    = {Cheng, Yen-Chi and Lee, Hsin-Ying and Tuyakov, Sergey and Schwing, Alex and Gui, Liangyan},
  title     = {{SDFusion}: Multimodal 3D Shape Completion, Reconstruction, and Generation},
  booktitle = {CVPR},
  year      = {2023}
}

@article{unet-3d,
  article_type = {journal},
  title        = {Accurate and versatile 3D segmentation of plant tissues at cellular resolution},
  author       = {Wolny, Adrian and Cerrone, Lorenzo and Vijayan, Athul and Tofanelli, Rachele and Barro, Amaya Vilches and Louveaux, Marion and Wenzl, Christian and Strauss, Sören and Wilson-Sánchez, David and Lymbouridou, Rena and Steigleder, Susanne S and Pape, Constantin and Bailoni, Alberto and Duran-Nebreda, Salva and Bassel, George W and Lohmann, Jan U and Tsiantis, Miltos and Hamprecht, Fred A and Schneitz, Kay and Maizel, Alexis and Kreshuk, Anna},
  year         = 2020,
  url          = {https://doi.org/10.7554/eLife.57613, https://github.com/wolny/pytorch-3dunet},
  journal      = {eLife}
}

@article{chen2018text2shape,
  title   = {Text2Shape: Generating Shapes from Natural Language by Learning Joint Embeddings},
  author  = {Chen, Kevin and Choy, Christopher B and Savva, Manolis and Chang, Angel X and Funkhouser, Thomas and Savarese, Silvio},
  journal = {arXiv preprint arXiv:1803.08495},
  year    = {2018}
}

@article{2020t5,
  author  = {Colin Raffel and Noam Shazeer and Adam Roberts and Katherine Lee and Sharan Narang and Michael Matena and Yanqi Zhou and Wei Li and Peter J. Liu},
  title   = {Exploring the Limits of Transfer Learning with a Unified Text-to-Text Transformer},
  journal = {Journal of Machine Learning Research},
  year    = {2020},
  url     = {http://jmlr.org/papers/v21/20-074.html}
}

@article{shapenet,
  author     = {Angel X. Chang and
                Thomas A. Funkhouser and
                Leonidas J. Guibas and
                Pat Hanrahan and
                Qi{-}Xing Huang and
                Zimo Li and
                Silvio Savarese and
                Manolis Savva and
                Shuran Song and
                Hao Su and
                Jianxiong Xiao and
                Li Yi and
                Fisher Yu},
  title      = {ShapeNet: An Information-Rich 3D Model Repository},
  journal    = {CoRR},
  year       = {2015},
  url        = {http://arxiv.org/abs/1512.03012},
  eprinttype = {arXiv},
  eprint     = {1512.03012}
}

@inproceedings{VQ-VAE,
  author    = {van den Oord, Aaron and Vinyals, Oriol and Kavukcuoglu, Koray},
  title     = {Neural discrete representation learning},
  year      = {2017},
  booktitle = {Proceedings of the 31st International Conference on Neural Information Processing Systems}
}